@article{roback1982wages,
  title={Wages, rents, and the quality of life},
  author={Roback, Jennifer},
  journal={Journal of political Economy},
  volume={90},
  number={6},
  pages={1257--1278},
  year={1982},
  publisher={The University of Chicago Press}
}

@article{rosen1979wage,
  title={Wage-based indexes of urban quality of life},
  author={Rosen, Sherwin},
  journal={Current issues in urban economics},
  pages={74--104},
  year={1979},
  publisher={Johns Hopkins Univ. Press}
}

@book{glaeser2008cities,
  title={Cities, agglomeration, and spatial equilibrium},
  author={Glaeser, Edward Ludwig},
  year={2008},
  publisher={Oxford University Press}
}

@article{gaubert2018firm,
  title={Firm sorting and agglomeration},
  author={Gaubert, Cecile},
  journal={American Economic Review},
  volume={108},
  number={11},
  pages={3117--53},
  year={2018}
}