@book{glaeser2008cities,
  title={Cities, agglomeration, and spatial equilibrium},
  author={Glaeser, Edward Ludwig},
  year={2008},
  publisher={Oxford University Press}
}

@article{gaubert2018firm,
  title={Firm sorting and agglomeration},
  author={Gaubert, Cecile},
  journal={American Economic Review},
  volume={108},
  number={11},
  pages={3117--53},
  year={2018}
}