@article{allcott2012there,
  title={Is there an energy efficiency gap?},
  author={Allcott, Hunt and Greenstone, Michael},
  journal={Journal of Economic Perspectives},
  volume={26},
  number={1},
  pages={3--28},
  year={2012},
  keywords = {test2}
}

@incollection{davis2011evaluating,
  title={Evaluating the slow adoption of energy efficient investments: are renters less likely to have energy efficient appliances?},
  author={Davis, Lucas W},
  booktitle={The design and implementation of US climate policy},
  pages={301--316},
  year={2011},
  publisher={University of Chicago Press}
}

@article{eichholtz2010doing,
  title={Doing well by doing good? Green office buildings},
  author={Eichholtz, Piet and Kok, Nils and Quigley, John M},
  journal={American Economic Review},
  volume={100},
  number={5},
  pages={2492--2509},
  year={2010}
}

@TECHREPORT{EPA2019,
  title={Public Review of Draft U.S. Inventory of Greenhouse Gas Emissions and Sinks: 1990-2019},
  author = {{EPA}},
  year={2019},
  publisher={Environmental Protection Agency}
}

@article{gerarden2017assessing,
  title={Assessing the energy-efficiency gap},
  author={Gerarden, Todd D and Newell, Richard G and Stavins, Robert N},
  journal={Journal of Economic Literature},
  volume={55},
  number={4},
  pages={1486--1525},
  year={2017}
}

@article{hausman1982evaluating,
  title={Evaluating the costs and benefits of appliance efficiency standards},
  author={Hausman, Jerry A and Joskow, Paul L},
  journal={The American Economic Review},
  volume={72},
  number={2},
  pages={220--225},
  year={1982},
  publisher={JSTOR}
}

@TECHREPORT{IEA2015,
  title={World Energy Outlook},
  author = {{International Energy Agency}},
  year={2015},
  publisher={IEA Publishing}
}

@book{IEA2007,
  title={Mind the gap: quantifying principal-agent problems in energy efficiency},
  author = {{International Energy Agency}},
  year={2007},
  publisher={IEA Publishing}
}

@article{kok2012diffusion,
  title={The diffusion over time and space of energy efficiency in building},
  author={Kok, Nils and McGraw, Marquise and Quigley, John M},
  journal={The Annals of Regional Science},
  volume={48},
  number={2},
  pages={541--564},
  year={2012},
  publisher={Springer}
}

@article{levinson2004energy,
  title={Energy use by apartment tenants when landlords pay for utilities},
  author={Levinson, Arik and Niemann, Scott},
  journal={Resource and Energy Economics},
  volume={26},
  number={1},
  pages={51--75},
  year={2004},
  publisher={Elsevier}
}

@article{myers2020asymmetric,
  title={Asymmetric information in residential rental markets: Implications for the energy efficiency gap},
  author={Myers, Erica},
  journal={Journal of Public Economics},
  volume={190},
  pages={104251},
  year={2020},
  publisher={Elsevier}
}

@book{OECD2015,
  title={The Economic Consequences of Climate Change},
  author = {{OECD}},
  year={2015},
  publisher={OECD Publishing}
}

@article{EIAreport,
  title = {Monthly Energy Review April 2020},
  author = {{U.S. Energy Information Administration}},
  journal = {U.S. energy facts explained},
  year = {2020}
}




@article{fowlie2018energy,
  title={Do energy efficiency investments deliver? Evidence from the weatherization assistance program},
  author={Fowlie, Meredith and Greenstone, Michael and Wolfram, Catherine},
  journal={The Quarterly Journal of Economics},
  volume={133},
  number={3},
  pages={1597--1644},
  year={2018},
  publisher={Oxford University Press}
}

@article{gillingham2012split,
  title={Split incentives in residential energy consumption},
  author={Gillingham, Kenneth and Harding, Matthew and Rapson, David},
  journal={The Energy Journal},
  volume={33},
  number={2},
  year={2012},
  publisher={International Association for Energy Economics}
}

@article{jessoe2014knowledge,
  title={Knowledge is (less) power: Experimental evidence from residential energy use},
  author={Jessoe, Katrina and Rapson, David},
  journal={American Economic Review},
  volume={104},
  number={4},
  pages={1417--38},
  year={2014}
}

@article{gillingham2016rebound,
  title={The rebound effect and energy efficiency policy},
  author={Gillingham, Kenneth and Rapson, David and Wagner, Gernot},
  journal={Review of Environmental Economics and Policy},
  volume={10},
  number={1},
  pages={68--88},
  year={2016},
  publisher={Oxford University Press}
}

@article{burlig2020machine,
  title={Machine learning from schools about energy efficiency},
  author={Burlig, Fiona and Knittel, Christopher and Rapson, David and Reguant, Mar and Wolfram, Catherine},
  journal={Journal of the Association of Environmental and Resource Economists},
  volume={7},
  number={6},
  pages={1181--1217},
  year={2020},
  publisher={The University of Chicago Press Chicago, IL}
}

@article{decanio1998investment,
  title={Investment in energy efficiency: do the characteristics of firms matter?},
  author={DeCanio, Stephen J and Watkins, William E},
  journal={Review of economics and statistics},
  volume={80},
  number={1},
  pages={95--107},
  year={1998},
  publisher={MIT Press}
}

@article{eichholtz2013economics,
  title={The economics of green building},
  author={Eichholtz, Piet and Kok, Nils and Quigley, John M},
  journal={Review of Economics and Statistics},
  volume={95},
  number={1},
  pages={50--63},
  year={2013},
  publisher={MIT Press}
}


@book{glaeser2008cities,
  title={Cities, agglomeration, and spatial equilibrium},
  author={Glaeser, Edward Ludwig},
  year={2008},
  publisher={Oxford University Press}
}

@article{gaubert2018firm,
  title={Firm sorting and agglomeration},
  author={Gaubert, Cecile},
  journal={American Economic Review},
  volume={108},
  number={11},
  pages={3117--53},
  year={2018}
}

@article{roback1982wages,
  title={Wages, rents, and the quality of life},
  author={Roback, Jennifer},
  journal={Journal of political Economy},
  volume={90},
  number={6},
  pages={1257--1278},
  year={1982},
  publisher={The University of Chicago Press}
}

@article{rosen1979wage,
  title={Wage-based indexes of urban quality of life},
  author={Rosen, Sherwin},
  journal={Current issues in urban economics},
  pages={74--104},
  year={1979},
  publisher={Johns Hopkins Univ. Press}
}

@article{wiley2010green,
  title={Green design and the market for commercial office space},
  author={Wiley, Jonathan A and Benefield, Justin D and Johnson, Ken H},
  journal={The Journal of Real Estate Finance and Economics},
  volume={41},
  number={2},
  pages={228--243},
  year={2010},
  publisher={Springer}
}

@book{alonso2013location,
  title={Location and land use},
  author={Alonso, William},
  year={1964},
  publisher={Harvard University Press}
}

@article{mills1967aggregative,
  title={An aggregative model of resource allocation in a metropolitan area},
  author={Mills, Edwin S},
  journal={The American Economic Review},
  volume={57},
  number={2},
  pages={197--210},
  year={1967},
  publisher={JSTOR}
}

@book{muth1969cities,
  title={Cities and Housing; The Spatial Pattern of Urban Residential Land Use.},
  author={Muth, Richard F},
  year={1969}
}

@book{brueckner2011lectures,
  title={Lectures on urban economics},
  author={Brueckner, Jan K},
  year={2011},
  publisher={MIT press}
}

@article{bansal2000companies,
  title={Why companies go green: A model of ecological responsiveness},
  author={Bansal, Pratima and Roth, Kendall},
  journal={Academy of management journal},
  volume={43},
  number={4},
  pages={717--736},
  year={2000},
  publisher={Academy of Management Briarcliff Manor, NY 10510}
}

@article{rfftoolkit, 
title={US carbon emissions at a glance}, 
url={https://media.rff.org/documents/RFF-Resources-magazine-issue-207.pdf}, 
journal={Federal Climate Policy Toolkit}, 
publisher={Resources for the Future}, 
author={{Resources for the Future}}, 
year={2021}
}
