@article{eichholtz2010doing,
  title={Doing well by doing good? Green office buildings},
  author={Eichholtz, Piet and Kok, Nils and Quigley, John M},
  journal={American Economic Review},
  volume={100},
  number={5},
  pages={2492--2509},
  year={2010}
}

@article{walls2017energy,
  title={Is energy efficiency capitalized into home prices? Evidence from three US cities},
  author={Walls, Margaret and Gerarden, Todd and Palmer, Karen and Bak, Xian Fang},
  journal={Journal of Environmental Economics and Management},
  volume={82},
  pages={104--124},
  year={2017},
  publisher={Elsevier}
}

@article{GBAI2019,
  title={US Green Building Adoption Index 2019},
  author={Holtermans, Rogier and Kok, Nils},
  year={2019},
  journal={CBRE},
  publisher={CBRE}
}

@article{decanio1998investment,
  title={Investment in energy efficiency: do the characteristics of firms matter?},
  author={DeCanio, Stephen J and Watkins, William E},
  journal={Review of economics and statistics},
  volume={80},
  number={1},
  pages={95--107},
  year={1998},
  publisher={MIT Press}
}

@article{rosen1984toward,
  title={Toward a model of the office building sector},
  author={Rosen, Kenneth T},
  journal={Real Estate Economics},
  volume={12},
  number={3},
  pages={261--269},
  year={1984},
  publisher={Wiley Online Library}
}

@article{bollinger1998spatial,
  title={Spatial variation in office rents within the Atlanta region},
  author={Bollinger, Christopher R and Ihlanfeldt, Keith R and Bowes, David R},
  journal={Urban Studies},
  volume={35},
  number={7},
  pages={1097--1118},
  year={1998},
  publisher={Sage Publications Sage UK: London, England}
}

@article{eichholtz2011rents,
  title={Who rents green? Ecological responsiveness and corporate real estate},
  author={Eichholtz, Piet MA and Kok, Nils and Quigley, John M},
  journal={W09-4. Berklely},
  year={2011}
}

@article{wiley2010green,
  title={Green design and the market for commercial office space},
  author={Wiley, Jonathan A and Benefield, Justin D and Johnson, Ken H},
  journal={The Journal of Real Estate Finance and Economics},
  volume={41},
  number={2},
  pages={228--243},
  year={2010},
  publisher={Springer}
}

@book{alonso2013location,
  title={Location and land use},
  author={Alonso, William},
  year={1964},
  publisher={Harvard University Press}
}

@article{mills1967aggregative,
  title={An aggregative model of resource allocation in a metropolitan area},
  author={Mills, Edwin S},
  journal={The American Economic Review},
  volume={57},
  number={2},
  pages={197--210},
  year={1967},
  publisher={JSTOR}
}

@book{muth1969cities,
  title={Cities and Housing; The Spatial Pattern of Urban Residential Land Use.},
  author={Muth, Richard F},
  year={1969}
}

@book{brueckner2011lectures,
  title={Lectures on urban economics},
  author={Brueckner, Jan K},
  year={2011},
  publisher={MIT press}
}