@article{rosen1974hedonic,
  title={Hedonic prices and implicit markets: product differentiation in pure competition},
  author={Rosen, Sherwin},
  journal={Journal of political economy},
  volume={82},
  number={1},
  pages={34--55},
  year={1974},
  publisher={The University of Chicago Press}
}

@article{roback1982wages,
  title={Wages, rents, and the quality of life},
  author={Roback, Jennifer},
  journal={Journal of political Economy},
  volume={90},
  number={6},
  pages={1257--1278},
  year={1982},
  publisher={The University of Chicago Press}
}

@article{rosen1979wage,
  title={Wage-based indexes of urban quality of life},
  author={Rosen, Sherwin},
  journal={Current issues in urban economics},
  pages={74--104},
  year={1979},
  publisher={Johns Hopkins Univ. Press}
}

@article{wiley2010green,
  title={Green design and the market for commercial office space},
  author={Wiley, Jonathan A and Benefield, Justin D and Johnson, Ken H},
  journal={The Journal of Real Estate Finance and Economics},
  volume={41},
  number={2},
  pages={228--243},
  year={2010},
  publisher={Springer}
}

@book{glaeser2008cities,
  title={Cities, agglomeration, and spatial equilibrium},
  author={Glaeser, Edward Ludwig},
  year={2008},
  publisher={Oxford University Press}
}