@article{hausman1979individual,
  title={Individual discount rates and the purchase and utilization of energy-using durables},
  author={Hausman, Jerry A},
  journal={The Bell Journal of Economics},
  pages={33--54},
  year={1979},
  publisher={JSTOR}
}

@article{allcott2012there,
  title={Is there an energy efficiency gap?},
  author={Allcott, Hunt and Greenstone, Michael},
  journal={Journal of Economic Perspectives},
  volume={26},
  number={1},
  pages={3--28},
  year={2012}
}

@article{allcott2014energy,
  title={Energy policy with externalities and internalities},
  author={Allcott, Hunt and Mullainathan, Sendhil and Taubinsky, Dmitry},
  journal={Journal of Public Economics},
  volume={112},
  pages={72--88},
  year={2014},
  publisher={Elsevier}
}