@book{OECD2015,
  title={The Economic Consequences of Climate Change},
  author = {{OECD}},
  year={2015},
  publisher={OECD Publishing}
}

@misc{ipcc2014climate,
  title={Climate change 2014: Synthesis report. Contribution of working groups I, II and III to the fifth assessment report of the intergovernmental panel on climate change},
  author={{IPCC}},
  journal={Core writing team},
  pages={1--151},
  year={2014},
  publisher={Ipcc Geneva}
}

@misc{rfftoolkit, 
title={US carbon emissions at a glance}, 
url={https://media.rff.org/documents/RFF-Resources-magazine-issue-207.pdf}, 
journal={Federal Climate Policy Toolkit}, 
publisher={Resources for the Future}, 
author={Dunlap, Lauren and Round, James}, 
year={2021}
}

@techreport{carleton2020valuing,
  title={Valuing the global mortality consequences of climate change accounting for adaptation costs and benefits},
  author={Carleton, Tamma A and Jina, Amir and Delgado, Michael T and Greenstone, Michael and Houser, Trevor and Hsiang, Solomon M and Hultgren, Andrew and Kopp, Robert E and McCusker, Kelly E and Nath, Ishan B and others},
  year={2020},
  institution={National Bureau of Economic Research}
}

@misc{WHO, title={Climate change and health}, url={https://www.who.int/news-room/fact-sheets/detail/climate-change-and-health}, journal={World Health Organization}, publisher={World Health Organization},
author={{WHO}}, year={2021}}

@article{allcott2012there,
  title={Is there an energy efficiency gap?},
  author={Allcott, Hunt and Greenstone, Michael},
  journal={Journal of Economic Perspectives},
  volume={26},
  number={1},
  pages={3--28},
  year={2012}
}

@article{gerarden2017assessing,
  title={Assessing the energy-efficiency gap},
  author={Gerarden, Todd D and Newell, Richard G and Stavins, Robert N},
  journal={Journal of Economic Literature},
  volume={55},
  number={4},
  pages={1486--1525},
  year={2017}
}

@article{fowlie2018energy,
  title={Do energy efficiency investments deliver? Evidence from the weatherization assistance program},
  author={Fowlie, Meredith and Greenstone, Michael and Wolfram, Catherine},
  journal={The Quarterly Journal of Economics},
  volume={133},
  number={3},
  pages={1597--1644},
  year={2018},
  publisher={Oxford University Press}
}